<?xml version="1.0" encoding="UTF-8"?><collection xmlns="http://www.loc.gov/MARC21/slim"><record><leader>00664nam--2200205-u-4500</leader><controlfield tag="001">000053017</controlfield><controlfield tag="002">20161230</controlfield><controlfield tag="005">20161230201050</controlfield><controlfield tag="008">110103s1000------------r-----000-0-eng-d</controlfield><datafield ind1=" " ind2=" " tag="020"><subfield code="a">0819412074</subfield></datafield><datafield ind1=" " ind2=" " tag="040"><subfield code="a">IFIN-HH</subfield></datafield><datafield ind1=" " ind2=" " tag="080"><subfield code="a">543.422.4:681.14</subfield></datafield><datafield ind1="1" ind2=" " tag="100"><subfield code="a">Kaplan, Herbert</subfield></datafield><datafield ind1="1" ind2="0" tag="245"><subfield code="a">Practical applications of infrared thermal sensing and imaging equipment</subfield><subfield code="c">Herbert kaplan</subfield></datafield><datafield ind1=" " ind2=" " tag="260"><subfield code="a">Bellibgham, Washington</subfield><subfield code="b">Spie - The International Society For Optical Engineering</subfield><subfield code="c">1993</subfield></datafield><datafield ind1=" " ind2=" " tag="300"><subfield code="a">138P</subfield></datafield><datafield ind1=" " ind2=" " tag="490"><subfield code="a">Books In The Spie Tutorial Textes Series</subfield><subfield code="v">V. Tt13</subfield></datafield><datafield ind1=" " ind2="4" tag="650"><subfield code="a">Infrared Technology</subfield></datafield><datafield ind1=" " ind2=" " tag="852"><subfield code="a">81149</subfield><subfield code="c">535.33</subfield></datafield><datafield ind1=" " ind2=" " tag="CAT"><subfield code="a">Sys</subfield><subfield code="c">20110103</subfield><subfield code="h">093954</subfield></datafield></record></collection>